@book {OperatingSystemConcepts,
    title = "Operating System Concepts",
    author = {Abraham Silberschatz AND Peter Baer Galvin AND Greg Gagne },
    year = 2018
}

@article{SchedFTWithSoftAndHardConstraints,
  author = {Izosimov, Viacheslav; Pop, Paul; Eles, Petru; Peng, Zebo},
  title = {Scheduling of Fault-Tolerant Embedded Systems with Soft and Hard Timing Constraints},
  year = 2008
}

@article{SoftwareImplementedSoftErrorDetection,
  author = {Seyyed Amir Asghari, Mohammadreza Binesh Marvasti, Masoud Daneshtalab},
  title = {A Software Implemented Comprehensive Soft Error Detection Method for Embedded Systems},
  year = 2020
}